<?xml version="1.0" encoding="UTF-8"?><collection xmlns="http://www.loc.gov/MARC21/slim"><record><leader>00496nam--2200181-i-4500</leader><controlfield tag="001">000004103</controlfield><controlfield tag="002">20161230</controlfield><controlfield tag="005">20161230201025</controlfield><controlfield tag="008">060222s1000------------r-----000-0-rum-d</controlfield><datafield ind1=" " ind2=" " tag="040"><subfield code="a">IFIN-HH</subfield></datafield><datafield ind1=" " ind2=" " tag="041"><subfield code="a">rum</subfield></datafield><datafield ind1="1" ind2=" " tag="100"><subfield code="a">Buzdugan, Gh</subfield></datafield><datafield ind1="1" ind2="0" tag="245"><subfield code="a">Lucrari de laborator de rezistenta materialelor</subfield><subfield code="c">Gh. buzdugan, m. blumenfeld</subfield></datafield><datafield ind1=" " ind2=" " tag="260"><subfield code="a">Bucuresti</subfield><subfield code="b">Editura Institutul Politehnic</subfield><subfield code="c">1953</subfield></datafield><datafield ind1=" " ind2=" " tag="300"><subfield code="a">88 P</subfield></datafield><datafield ind1="1" ind2=" " tag="700"><subfield code="a">Blumenfefld, M</subfield></datafield><datafield ind1=" " ind2=" " tag="852"><subfield code="a">3848</subfield><subfield code="c">539.4</subfield></datafield><datafield ind1=" " ind2=" " tag="CAT"><subfield code="a">Sys</subfield><subfield code="c">20130128</subfield><subfield code="h">125312</subfield></datafield></record></collection>